@misc{github,
  author = "Roman Gruber TODO REMOVE",
  year = 2021,
  title = "GitHub repository: Source code of the implementation",
  howpublished = {\url{http://github.com/chaoos/TODO}},
  note = {Accessed: 2021-01-01}
}

@misc{shewchuk1994,
  title={An introduction to the conjugate gradient method without the agonizing pain},
  author={Shewchuk, Jonathan Richard and others},
  year={1994},
  publisher={Carnegie-Mellon University. Department of Computer Science}
}

@book{ieee754_1985,
  title={IEEE standard for binary floating-point arithmetic},
  author={Institute of Electrical and Electronics Engineers. Computer Society. Standards Committee and Stevenson, David},
  year={1985},
  publisher={IEEE}
}

@book{ieee754_2008,
  author={Institute of Electrical and Electronics Engineers. Computer Society. Standards Committee and Stevenson, David},
  journal={IEEE Std 754-2008}, 
  title={IEEE standard for binary floating-point arithmetic}, 
  year={2008},
  publisher={IEEE},
  doi={10.1109/IEEESTD.2008.4610935}
}

@techreport{cody1980,
  title={Towards sensible floating-point arithmetic},
  author={Cody, WJ},
  year={1980},
  institution={Argonne National Lab., IL (USA)}
}

@article{gustafson2017,
  title={Beating floating point at its own game: Posit arithmetic},
  author={Gustafson, John L and Yonemoto, Isaac T},
  journal={Supercomputing Frontiers and Innovations},
  volume={4},
  number={2},
  pages={71--86},
  year={2017}
}

@article{gustafson2017posit,
  title={Posit arithmetic},
  author={Gustafson, John L},
  journal={Mathematica Notebook describing the posit number system},
  volume={30},
  year={2017}
}

@misc{openqxd,
  author={Campos, Isabel and Fritzsch, Patrick and Hansen, Martin and Krsti{\'c} Marinkovi{\'c}, Marina and Patella, Agostino and Ramos, Alberto and Tantalo, Nazario},
  year = 2018,
  title = "openQ*D",
  howpublished = {\url{https://gitlab.com/rcstar/openQxD}},
  note = {Accessed: 2021-01-06}
}

@article{posit2018standard,
  title={Posit standard documentation - Release 3.2-draft},
  author={Posit Working Group and others},
  journal={Posit Standard Documentation},
  year={2018}
}

@article{bfloat16,
  title={BFloat16: the secret to high performance on cloud TPUs},
  author={Wang, Shibo and Kanwar, Pankaj},
  journal={Google Cloud Blog},
  year={2019}
}

@article{tf32,
  title={Nvidia ampere architecture in-depth},
  author={Krashinsky, Ronny and Giroux, O and Jones, S and Stam, N and Ramaswamy, S},
  journal={NVIDIA blog: https://devblogs. nvidia. com/nvidia-ampere-architecture-in-depth},
  year={2020}
}

@article{fp24,
  title={Taking the plunge into GPU computing},
  author={Buck, Ian},
  journal={GPU Gems},
  volume={2},
  pages={509--519},
  year={2005}
}